<?xml version='1.0' encoding='UTF-8'?>
<record xmlns="http://www.loc.gov/MARC21/slim">
  <leader>01053cam a2200253 a 4500</leader>
  <controlfield tag="001">1279297</controlfield>
  <controlfield tag="003">NjP</controlfield>
  <controlfield tag="005">20170905110953.0</controlfield>
  <controlfield tag="008">900402s1943    le            000 0 ara d</controlfield>
  <datafield tag="024" ind1="7" ind2=" ">
    <subfield code="a">princeton_aco001976</subfield>
    <subfield code="2">local</subfield>
  </datafield>
  <datafield ind1=" " ind2=" " tag="035">
    <subfield code="a">(OCoLC)ocm21312618</subfield>
  </datafield>
  <datafield ind1=" " ind2=" " tag="035">
    <subfield code="9">CDS1886TS</subfield>
  </datafield>
  <datafield ind1=" " ind2=" " tag="035">
    <subfield code="a">1279297</subfield>
  </datafield>
  <datafield ind1=" " ind2=" " tag="040">
    <subfield code="a">MIE</subfield>
    <subfield code="c">MIE</subfield>
    <subfield code="d">PUL</subfield>
  </datafield>
  <datafield ind1="1" ind2=" " tag="100">
    <subfield code="a">Khūrī, Raʼīf,</subfield>
    <subfield code="d">1913-1967.</subfield>
    <subfield code="0">http://id.loc.gov/authorities/names/n83175518</subfield>
  </datafield>
  <datafield ind1="1" ind2="3" tag="245">
    <subfield code="a">al-Fikr al-ʻArabī al-ḥadīth :</subfield>
    <subfield code="b">athar al-thawrah al-Faransīyah fī tawjīh al-siyāsī wa-al-ijtimāʻī /</subfield>
    <subfield code="b">Raʼīf Khūrī.</subfield>
  </datafield>
  <datafield ind1=" " ind2=" " tag="250">
    <subfield code="a">al-Ṭabʻah 1.</subfield>
  </datafield>
  <datafield ind1=" " ind2=" " tag="260">
    <subfield code="a">Bayrūt :</subfield>
    <subfield code="b">Dār al-Maʻārif,</subfield>
    <subfield code="c">1943.</subfield>
  </datafield>
  <datafield ind1=" " ind2=" " tag="300">
    <subfield code="a">289 p.</subfield>
  </datafield>
  <datafield ind1=" " ind2="0" tag="651">
    <subfield code="a">Arab countries</subfield>
    <subfield code="x">Intellectual life</subfield>
    <subfield code="v">Sources.</subfield>
  </datafield>
  <datafield ind1=" " ind2="0" tag="651">
    <subfield code="a">France</subfield>
    <subfield code="x">History</subfield>
    <subfield code="y">Revolution, 1789-1799</subfield>
    <subfield code="x">Influence.</subfield>
    <subfield code="0">http://id.loc.gov/authorities/subjects/sh85051332</subfield>
  </datafield>
  <datafield ind1=" " ind2="0" tag="650">
    <subfield code="a">Political science</subfield>
    <subfield code="z">Arab countries</subfield>
    <subfield code="x">History</subfield>
    <subfield code="v">Sources.</subfield>
  </datafield>
  <datafield ind1=" " ind2="0" tag="650">
    <subfield code="a">Social sciences</subfield>
    <subfield code="z">Arab countries</subfield>
    <subfield code="x">History</subfield>
    <subfield code="v">Sources.</subfield>
  </datafield>
  <datafield ind1=" " ind2=" " tag="947">
    <subfield code="a">CDS1886</subfield>
  </datafield>
  <datafield ind1=" " ind2=" " tag="911">
    <subfield code="a">20000130</subfield>
  </datafield>
  <datafield ind1="0" ind2="0" tag="852">
    <subfield code="0">1470465</subfield>
    <subfield code="b">nec</subfield>
    <subfield code="t">0</subfield>
    <subfield code="h">JA84.A65</subfield>
    <subfield code="i">K487 1943</subfield>
  </datafield>
  <datafield ind1=" " ind2=" " tag="959">
    <subfield code="a">2000-06-13 00:00:00 -0400</subfield>
  </datafield>
</record>
